mBank S.A. Bankowoœæ Detaliczna;
		Skrytka Pocztowa 2108;
		90-959 £ódŸ 2;
		www.mBank.pl;
		mLinia: 801 300 800;
		+48 (42) 6 300 800;
		

#Klient;
TOMASZ JAN ROMANOWSKI;

Elektroniczne zestawienie operacji;

#Za okres:;
01.04.2017;30.04.2017;
#Rodzaj rachunku;
EKONTO;
#Waluta;
PLN;
#Numer rachunku;
43 1140 2004 0000 3802 1179 2877 ;
#Data nastêpnej kapitalizacji;
2017-05-31;
#Oprocentowanie rachunku;
0,00%;
#Limit kredytu;
0,00 PLN;
#Oprocentowanie kredytu;
0,00%;

#Podsumowanie obrotów na rachunku;#Liczba operacji;#Wartoœæ operacji
Uznania;1;2 500,00 PLN;
Obci¹¿enia;12;6 869,11 PLN;
£¹cznie;13;-4 369,11 PLN;

#Saldo pocz¹tkowe;21 781,03 PLN;

#Data operacji;#Data ksiêgowania;#Opis operacji;#Tytu³;#Nadawca/Odbiorca;#Numer konta;#Kwota;#Saldo po operacji;
2017-04-01;2017-04-01;PRZELEW WEWNÊTRZNY WYCHODZ¥CY;"KIESZONKOWE 04.2017";"BASIA ROMANOWSKA  ";'88114020040000310275841510';-100,00;21 681,03;
2017-04-03;2017-04-03;PRZELEW MTRANSFER WYCHODZACY;"PAYU XX862506878XX OLX.PL DODANIE OG£OSZENIA NA 30 DNI";"PAYU SPÓ£KA AKCYJNA  UL.GRUNWALDZKA 182                 60-166 POZNAÑ POLSKA";'54114020040000300274693691';-34,99;21 646,04;
2017-04-06;2017-04-06;PRZELEW WEWNÊTRZNY WYCHODZ¥CY;"ZWROT ZA KOSMETYKI";"BASIA ROMANOWSKA  ";'88114020040000310275841510';-30,00;21 616,04;
2017-04-07;2017-04-07;PRZELEW ZEWNÊTRZNY WYCHODZ¥CY;"RODZINA RODZINIE  IVETTE BALADI   ID 179";"CARITAS POLSKA  ";'77116022020000000034364384';-30,00;21 586,04;
2017-04-07;2017-04-07;PRZELEW ZEWNÊTRZNY PRZYCHODZ¥CY;"WYNAGRODZENIE ZA 2017/03";"PND FUTURA SJ PID NAPIERALA  UL POWSTAÑCÓW ŒL¥SKICH 125/204     53-332 WROC£AW";'47124019941111000024959713';2 500,00;24 086,04;
2017-04-07;2017-04-07;PRZELEW MTRANSFER WYCHODZACY;"PAYU XX865025281XX BILET: 41309724";"PAYU SPÓ£KA AKCYJNA  UL.GRUNWALDZKA 182                 60-166 POZNAÑ POLSKA";'35114020040000310274693693';-57,40;24 028,64;
2017-04-10;2017-04-10;PRZELEW WEWNÊTRZNY WYCHODZ¥CY;"ZWROT ZA JEDZENIE I PASTÊ Z. 7.99";"BASIA ROMANOWSKA  ";'88114020040000310275841510';-13,77;24 014,87;
2017-04-10;2017-04-10;PRZELEW MTRANSFER WYCHODZACY;"PAYU W ALLEGRO XX866732646XX P£ATNOŒÆ Z ALLEGRO 698360683:M";"PAYU SPÓ£KA AKCYJNA  UL.GRUNWALDZKA 182                 60-166 POZNAÑ POLSKA";'11114020040000360274693686';-1 077,00;22 937,87;
2017-04-14;2017-04-14;PRZELEW ZEWNÊTRZNY WYCHODZ¥CY;"NA CELE KULTU RELIGIJNEGO";"PARAFIA P.W. NAJŒWIÊTSZEJ MARYI PANNY BOLESNEJ  51-511 WROC£AW";'73958500070220022000770001';-240,00;22 697,87;
2017-04-16;2017-04-16;PRZELEW MTRANSFER WYCHODZACY;"PAYU W ALLEGRO XX869423980XX TOMROM AUKCJA NR (6775571875):M";"PAYU SPÓ£KA AKCYJNA  UL.GRUNWALDZKA 182                 60-166 POZNAÑ POLSKA";'11114020040000360274693686';-379,99;22 317,88;
2017-04-21;2017-04-21;PRZELEW PRZYSZ£Y PODATKOWY;"P65122706571                       16R                                PIT37";"URZ¥D SKARBOWY WROC£AW-PSIE POLE  WROC£AW";'24101016740017332223000000';-4 669,00;17 648,88;
2017-04-24;2017-04-24;PRZELEW MTRANSFER WYCHODZACY;"P24-J53-957-954 APTEKA.SLONECZNA24.PL";"PAYPRO  UL.KANCLERSKA 15                   60-327 POZNAÑ POLSKA";'73114020040000360275557810';-188,96;17 459,92;
2017-04-30;2017-04-30;PRZELEW MTRANSFER WYCHODZACY;"P24-H54-696-472 KUPBILET 108C.5GOS HTTP://WWW.KUPBILET.PL/";"PAYPRO  UL.KANCLERSKA 15                   60-327 POZNAÑ POLSKA";'73114020040000360275557810';-48,00;17 411,92;


;;;;;;#Saldo koñcowe;17 411,92 PLN;

Niniejszy dokument sporz¹dzono na podstawie art. 7 Ustawy Prawo Bankowe (Dz. U. Nr 140 z 1997 roku, poz.939 z póŸniejszymi zmianami).